<record xmlns="http://www.loc.gov/MARC21/slim" xmlns:xsi="http://www.w3.org/2001/XMLSchema-instance" xsi:schemaLocation="http://www.loc.gov/MARC21/slim http://www.loc.gov/standards/marcxml/schema/MARC21slim.xsd">

  <leader>00758ngm a22002297a 4500</leader>
  <controlfield tag="007">ca aa aaaaa</controlfield>
  <controlfield tag="008">150825b2015    cr ||||| |||| s0| | spa d</controlfield>
  <datafield ind2=" " ind1=" " tag="090">
    <subfield code="a">CD #254</subfield>
  </datafield>
  <datafield ind1="1" tag="245" ind2="0">
    <subfield code="a">Inauguración III Congreso INIE</subfield>
  </datafield>
  <datafield ind1=" " tag="260" ind2=" ">
    <subfield code="a">[San José, Costa Rica] :</subfield>
    <subfield code="b">INIE,</subfield>
    <subfield code="c">2015</subfield>
  </datafield>
  <datafield tag="300" ind1=" " ind2=" ">
    <subfield code="a">1 videodisco</subfield>
    <subfield code="b">(cerca de 11:34 minutos) ; sonoro</subfield>
  </datafield>
  <datafield ind1=" " tag="500" ind2=" ">
    <subfield code="a">Dirección: Pablo Ortega</subfield>
  </datafield>
  <datafield ind2=" " tag="500" ind1=" ">
    <subfield code="a">Edición: Natalia Solórzano</subfield>
  </datafield>
  <datafield ind2=" " ind1=" " tag="500">
    <subfield code="a">Guión: Pablo Ortega; Alejandro Víchez</subfield>
  </datafield>
  <datafield ind2=" " tag="500" ind1=" ">
    <subfield code="a">Narración: Carlos Araya</subfield>
  </datafield>
  <datafield ind1=" " tag="500" ind2=" ">
    <subfield code="a">Animación: Felipe Molina</subfield>
  </datafield>
  <datafield ind1=" " tag="500" ind2=" ">
    <subfield code="a">Cámara: Mario Araya</subfield>
  </datafield>
  <datafield ind2=" " ind1=" " tag="500">
    <subfield code="a">Contribución Escuela de Filosofía al INIE</subfield>
  </datafield>
  <datafield tag="610" ind1="1" ind2="4">
    <subfield code="9">153</subfield>
    <subfield code="a">INSTITUTO DE INVESTIGACIÓN EN EDUCACIÓN</subfield>
  </datafield>
  <datafield ind2="4" tag="650" ind1="1">
    <subfield code="9">1</subfield>
    <subfield code="a">EDUCACIÓN</subfield>
  </datafield>
  <datafield ind1=" " tag="942" ind2=" ">
    <subfield code="2">z</subfield>
    <subfield code="c">08</subfield>
  </datafield>
  <datafield ind1=" " tag="999" ind2=" ">
    <subfield code="c">2819</subfield>
    <subfield code="d">2819</subfield>
  </datafield>
</record>